@inproceedings{KurbanovEtAl:YSIP-32019,
	Author = {Kurbanov, Eldar and Gordeev, Aleksei and Klyachin, Vladimir},
	Crossref = {YSIP-32019},
	Title = {Recognition of Faces, Head Positions, Gender, Age, and Emotions In Real Time Using Deep Convolutional Neural Networks},
	Url = {http://ceur-ws.org/Vol-2500/#paper_4},
	Bdsk-Url-1 = {http://ceur-ws.org/Vol-2500/#paper_4},
	media= {},
	year = {Текст: электронный. — 2019},
	urldate = {20.05.2020}
}

@inproceedings{FTC2020,
	Author = {Kurbanov, Eldar and Gordeev, Aleksei and Klyachin, Vladimir and Driaba, Aleksandr},
	Title = {Autonomous Mobile Robot with AI based on Jetson Nano},
	booktitle = {Future Technologies Conference 2020},
	media= {},
	year = {Текст: непосредственный. — 2020},
}