@BOOK{сергеев2018стратегия,
  title={Стратегия новой индустриализации России: автоматизация, роботизация, нанотехнологии},
  author={Сергеев, Е.},
  isbn={9785040322176},
  year={2018},
  publisher={ЛитРес},
  numpages = {200 с. — Текст: непосредственный.},
  language = {russian}
}

@BOOK{лорьер,
  title = {Системы искусственного интеллекта: Пер. с франц.},
  author = {Лорьер, Ж.-Л.},
  isbn = {503001408Х}, 
  year = {1991},
  publisher = {Мир},
  numpages = {568 с. — Текст: непосредственный.},
  language = {russian}
}

@ARTICLE{aycock2010simultaneous,
  title={A Simultaneous Localization and Mapping Implementation Using Inexpensive Hardware},
  author={Aycock, T.M. and University of Alabama. Department of Electrical and Computer Engineering},
  url={https://ir.ua.edu/bitstream/handle/123456789/885/file_1.pdf?sequence=1&isAllowed=y},
  year={Текст: электронный. — 2010},
  media={},
  urldate = {20.05.2020},
  numpages = {153},
  language = {russian},
  publisher={University of Alabama Libraries}
}

@BOOK{xiao2020proceedings,
  title={Proccedings of the 2018 International Symposium on Experimental Robotics},
  author={Xiao, J. and Khatib, O. and Kroger, T.},
  isbn={978303033950},
  series={Springer Proceedings in Advanced Robotics Series},
  year={2020},
  publisher={Springer International Publishing},
  numpages = {804 с. — Текст: непосредственный.},
  language={russian}
}

@BOOK{hutter2017field,
  title={Field and Service Robotics: Results of the 11th International Conference},
  author={Hutter, M. and Siegwart, R.},
  isbn={9783319673615},
  series={Springer Proceedings in Advanced Robotics},
  year={2017},
  publisher={Springer International Publishing},
  numpages={715 с. — Текст: непосредственный.}
}

@BOOK{jia2019proceedings,
  title={Proceedings of 2019 Chinese Intelligent Systems Conference: Volume I},
  author={Jia, Y. and Du, J. and Zhang, W.},
  isbn={9789813296824},
  series={Lecture Notes in Electrical Engineering},
  year={2019},
  publisher={Springer Singapore},
  numpages={771 с. — Текст: непосредственный.}
}

@BOOK{mather2005computer,
  title={Computer Processing of Remotely-Sensed Images: An Introduction},
  author={Mather, P.M.},
  isbn={9780470021019},
  year={2005},
  publisher={Wiley},
  numpages={442 с. — Текст: непосредственный.}
}

@ARTICLE{kinect-habr,
  title={Kinect — продвинутый датчик для роботов},
  author={Савинов, В.},
  url={https://habr.com/ru/post/108927/},
  year={Текст: электронный // Хабр : [сайт]. — 2010. —  27 нояб.},
  media={},
  urldate = {20.05.2020},
  language = {russian},
}

@ARTICLE{jetson-nano-overview,
  title={Технические спецификации NVIDIA Jetson Nano},
  url={https://www.nvidia.com/ru-ru/autonomous-machines/embedded-systems/jetson-nano/},
  year={Текст: электронный // NVIDIA : [сайт]. — 2020.},
  media={},
  urldate = {20.05.2020},
  language = {russian},
}

@ARTICLE{kaya-hardware,
  title={NVIDIA Kaya},
  url={https://docs.nvidia.com/isaac/isaac/doc/tutorials/assemble_kaya.html},
  year={Текст: электронный // NVIDIA : [сайт]. — 2020.},
  media={},
  urldate = {20.05.2020},
  language = {russian},
}

@ARTICLE{kaya-software,
  title={Running Isaac SDK on Kaya},
  url={https://docs.nvidia.com/isaac/isaac/doc/tutorials/kaya_software.html},
  year={Текст: электронный // NVIDIA : [сайт]. — 2020.},
  media={},
  urldate = {20.05.2020},
  language = {russian},
}

@ARTICLE{jetbot-shop,
  title={JetBot AI Kit, AI Robot Based on Jetson Nano},
  url={https://www.waveshare.com/product/jetbot-ai-kit.htm},
  year={Текст: электронный // Waveshare : [сайт]. — 2020.},
  media={},
  urldate = {20.05.2020},
  language = {russian},
}

@ARTICLE{jetbot-examples,
  title={JetBot examples},
  url={https://github.com/NVIDIA-AI-IOT/jetbot/wiki/examples},
  year={Текст: электронный // GitHub : [сайт]. — 2020.},
  media={},
  urldate = {20.05.2020},
  language = {russian},
}

@ARTICLE{robots-sensors,
  title={Types of Robot Sensors},
  url={http://robotplatform.com/knowledge/sensors/types_of_robot_sensors.html},
  year={Текст: электронный // robot platform : [сайт]. — 2020.},
  media={},
  urldate = {20.05.2020},
  language = {russian},
}

@inproceedings{45466,
  title	= {Real-Time Loop Closure in 2D LIDAR SLAM},
  author	= {Wolfgang Hess and Damon Kohler and Holger Rapp and Daniel Andor},
  year	= {Текст: электронный. — 2016}, 
  media={},
  booktitle	= {2016 IEEE International Conference on Robotics and Automation (ICRA)},
  pages	= {1271--1278},
  url={https://storage.googleapis.com/pub-tools-public-publication-data/pdf/45466.pdf},
  urldate={20.05.2020}
}

@BOOK{joseph2018mastering,
  title={Mastering ROS for Robotics Programming: Design, build, and simulate complex robots using the Robot Operating System, 2nd Edition},
  author={Joseph, L. and Cacace, J.},
  isbn={9781788474528},
  year={2018},
  publisher={Packt Publishing},
  numpages = {580 с. — Текст: непосредственный.}
}

@ARTICLE{ros-index-stats,
  title={ROS Index Statistics},
  url={https://index.ros.org/stats/},
  year={Текст: электронный // ROS Index : [сайт]. — 2020.},
  media={},
  urldate = {20.05.2020},
  language = {russian},
}

@ARTICLE{cartographer,
  title={Cartographer},
  url={https://google-cartographer.readthedocs.io/en/latest/},
  year={Текст: электронный // Read the Docs : [сайт]. — 2020.},
  media={},
  urldate = {20.05.2020},
  language = {russian},
}

@ARTICLE{jetson-nano-gpio,
  title={Jetson Nano GPIO},
  author = {kangalow},
  url={https://www.jetsonhacks.com/2019/06/07/jetson-nano-gpio/},
  year={Текст: электронный // JetsonHacks : [сайт]. — 2020.},
  media={},
  urldate = {20.05.2020},
  language = {russian},
}